<?xml version="1.0" encoding="UTF-8"?><collection xmlns="http://www.loc.gov/MARC21/slim"><record><leader>00410nam--2200169-i-4500</leader><controlfield tag="001">000008560</controlfield><controlfield tag="002">20161230</controlfield><controlfield tag="005">20170204185336</controlfield><controlfield tag="008">060222s1000------------r-----000-0-eng-d</controlfield><datafield ind1=" " ind2=" " tag="080"><subfield code="a">61</subfield></datafield><datafield ind1=" " ind2=" " tag="100"><subfield code="a">Bariety, M</subfield></datafield><datafield ind1=" " ind2=" " tag="245"><subfield code="a">Therapeutique. Cours de clinique medicale</subfield></datafield><datafield ind1=" " ind2=" " tag="260"><subfield code="a">Paris</subfield><subfield code="b">Masson &amp; C-ie</subfield><subfield code="c">1965</subfield></datafield><datafield ind1=" " ind2=" " tag="300"><subfield code="a">VI + 655 p</subfield></datafield><datafield ind1=" " ind2=" " tag="700"><subfield code="a">Bonniot, R</subfield></datafield><datafield ind1=" " ind2=" " tag="852"><subfield code="a">29193</subfield></datafield><datafield ind1=" " ind2=" " tag="CAT"><subfield code="a">SYS</subfield><subfield code="c">20170204</subfield><subfield code="h">185336</subfield></datafield></record></collection>